%% This BibTeX bibliography file was created using BibDesk.
%% http://bibdesk.sourceforge.net/


%% Created for Maximilian Proll at 2018-01-31 11:57:28 +0200 


%% Saved with string encoding Unicode (UTF-8) 



@article{ChXi08,
	Author = {Yubo Chen and Jinhong Xie},
	Date-Added = {2018-01-31 09:14:54 +0000},
	Date-Modified = {2018-01-31 09:57:25 +0000},
	Eprint = {1070.0810},
	Journal = {Management Science},
	Keywords = {online consumer review ; word-of-mouth ; product review information ; marketing communications ; social interactions},
	Month = {March},
	Number = {3},
	Pages = {477--491},
	Title = {Online Consumer Review: Word-of-Mouth as a New Element of Marketing Communication Mix},
	Url = {https://pubsonline.informs.org/doi/pdf/10.1287/mnsc.1070.0810},
	Volume = {54},
	Year = {2008},
	Bdsk-Url-1 = {https://pubsonline.informs.org/doi/pdf/10.1287/mnsc.1070.0810}}

@article{DBLP:journals/corr/Kim14f,
	Archiveprefix = {arXiv},
	Author = {Yoon Kim},
	Bibsource = {dblp computer science bibliography, http://dblp.org},
	Biburl = {http://dblp.org/rec/bib/journals/corr/Kim14f},
	Eprint = {1408.5882},
	Journal = {CoRR},
	Timestamp = {Wed, 07 Jun 2017 14:40:07 +0200},
	Title = {Convolutional Neural Networks for Sentence Classification},
	Url = {http://arxiv.org/abs/1408.5882},
	Volume = {abs/1408.5882},
	Year = {2014},
	Bdsk-Url-1 = {http://arxiv.org/abs/1408.5882}}

@article{McATarShiHen15,
	Archiveprefix = {arXiv},
	Author = {Julian J. McAuley and Christopher Targett and Qinfeng Shi and Anton van den Hengel},
	Bibsource = {dblp computer science bibliography, http://dblp.org},
	Biburl = {http://dblp.org/rec/bib/journals/corr/McAuleyTSH15},
	Eprint = {1506.04757},
	Journal = {CoRR},
	Timestamp = {Wed, 07 Jun 2017 14:42:19 +0200},
	Title = {Image-based Recommendations on Styles and Substitutes},
	Url = {http://arxiv.org/abs/1506.04757},
	Volume = {abs/1506.04757},
	Year = {2015},
	Bdsk-Url-1 = {http://arxiv.org/abs/1506.04757}}

@misc{wei,
	Author = {Wei, James},
	Title = {Predicting Amazon Product Review Helpfulness}}
